Record 1
LDR  01120cam  2200277 i 45  
001  10075291-B
005  19891127000000.0
008  790320s1978    ilu           00100 eng  
010       $a 78106232
043       $a n-us---
050  0    $a KF3478 $b .C65
110  20   $a Commerce Clearing House
245  10   $a New 1978 mandatory retirement and age discrimination rules, with explanation and State survey : $b the Age discrimination in employment act amendments of 1978, approved by the President April 6, 1978, Public Law 95-256
260  0    $a Chicago : $b Commerce Clearing House, $c c1978
300       $a 79 p. ; $c 23 cm
490  0    $a CCH editorial staff publication
500       $a UCDL: NO 902 FIELD - CREATE 005 FROM PROGRAM RUN PARAMETER (04/02).
650   0   $a Retirement, Mandatory $x Law and legislation $z United States
650   0   $a Age discrimination $x Law and legislation $z United States
901       $a UCDLb100069x $b stx   $c -
907       $a Deleted: LGEN,LNUC
920       $b KF3478.C65 $l stx
950       $l STKS
955       $l STKS $i 03/20/79 C
998       $a 03/20/79 $t c $s 9610 $n CU-AL $w DCLC78106232B $d 05/17/81 $c MS $l CUDL
999       $b 1 $c 900603 $d m $e - $g 0

Record 2
