LDR  01493cas  2200349 a 45  
001  83-S419
005  19891127000000.0
008  831207c19819999nyumr    v    0 uua0eng d
010       $a 82641510
022       $a 0731-8820
040       $a CSt-Law $c CSt-Law $d CU-AL
043       $a N-US-CA
222  00   $a California criminal defense practice reporter
245  00   $a California criminal defense practice reporter
260  00   $a [New York, N.Y.] : $b M. Bender, $c [1981?]-
300       $a v. ; $c 26 cm
310       $a Monthly
500       $a UCDL PE: REC HAS 2 920 FLDS, USE 1ST - OUTPUT 3 852'S; OUTPUT 852 $h $i FROM 1ST 920 $a $b IN ALL 852'S (04/02).
500       $a 1ST 950 DOES NOT HAVE $b, USE $b FROM 2ND 950 - OUTPUT 852 $3 IN 1ST 852 AFTER REMOVING "UCDL:" PLUS BLANKS IF ANY; OUTPUT DEFAULT HOLDINGS STATEMENT IN 852 $3 FOR ALL OTHER 852'S.
580       $a Updates: California criminal defense practice
650   0   $a Defense (Criminal procedure) $z California
730  02   $a California criminal defense practice
901       $a UCDLb165150x $b multi $c -
902       $a 930913
920       $a KFC1115.A6 $b C35 (FIRST 920) $l stx $l ref $l faclb
920       $a KFC1115.A6 $b C35 (2ND 920) $l tax
950       $l STKS $i 01/12/84 N  $1 0:sl $h 12/07/83 C
950       $b UCDL:c. 1: v.1 (1981)-v.12 (1992) and current issues.....
955       $l STKS $c 1 $q 2215i $r nc $h 12/07/83 C
955       $l STKS $c 2 $q 2215i $r nc $h 12/07/83 C
998       $a 01/12/84 $t c $s 9114 $n CU-AL $w CCSL85S84 $d 12/07/83 $c KLO $b MCC $i 840112 $h 831207 $l CUDL
999       $b 1 $c 900603 $d s $e s $g 0

Record 3
