LDR  00896cas  2200265 ü 45  
001  1385-S
005  19891127000000.0
008  810813c19609999iluuu  üüüüüüüü üüa0engüd
040       $a CU-AL $c CU-AL
043       $a n-us-ny
110  10   $a New York Stock Exchange
245  10   $a New York Stock Exchange constitution and rules ..
260  00   $a Chicago, $b Commerce Clearing House, $c 1960-
300       $a v
500       $a UCDL: INCOMING RLIN 001 FIELD; ADD "(CStRLIN)" TO BEGINNING AND OUTPUT IN 035 FIELD (04/02).
610  10   $a New York Stock Exchange
787  1    $t New York Stock Exchange guide
901       $a UCDLb1618301 $b stx   $c -
902       $a 920624
920       $a HG4573 $b .A335 $l stx
950       $b UCDL: Current edition only
950       $l STKS $f nc $i 08/13/81 N
955       $l STKS $c 1 $q 3415B $i 08/13/81 C
998       $a 08/13/81 $t c $s 9194 $n CU-AL $w CUDL1385S $d 10/07/81 $c MB $b PM $i 810813 $l CUDL
999       $b 1 $c 900603 $d s $e s $g 0

Record 4
