LDR  01143nas  2200301 a 45  
001  85-S139
005  19891127000000.0
008  850522c19819999iluuu    vv   0 au 0eng d
040       $a NNB $c NNB $d UPB-L $d CLL
245  00   $a Copyright law decisions
260  01   $a Chicago, Ill. : $b Commerce Clearing House, $c c1981-
300       $a v. ; $c 25 cm
362  0    $a 1978/1981-
490  0    $a CCH editorial staff publication
500       $a UCDL: THREE LOCS IN 1ST 920, 2 LOCS IN 2ND 920; IGNORE 2ND 920.  STRIP COPY INFO IN PARENS AND OUTPUT 3 852 FIELDS (04/02).
500       $a "The full text opinions of federal and state courts with case table and topical index."
650   0   $a Copyright $z United States $x Cases
710  20   $a Commerce Clearing House
730  01   $a Copyright law reporter
901       $a UCDLb165584x $b multi $c -
902       $a 930526
920       $a KF2991.5 $b .C63 $l (2)stx $l tax $l (3)mfm
920       $a KF2991.5 $b .C63 $l (2)ref $l res
950       $l STKS $i 05/22/85 C
950       $b UCDL:1978/81-1991/92--
955       $l STKS $c 1 $q 6671i $r nc $i 05/22/85 C
998       $a 05/22/85 $t c $s 9116 $n CU-AL $w MASL88S135 $d 05/22/85 $c CK $b RJS $i 850522 $l CUDL
999       $b 1 $c 900603 $d s $e s $g 0

Record 5
