LDR  01232cam  2200301 i 45  
001  10051783-B
005  19891127000000.0
008  790319s1973    cau          s00010 eng d
040       $a cual $c cual
043       $a n-us-ca
110  10   $a California. $b Legislature. $b Joint Committee for the Revision of the Penal Code
245  10   $a Staff draft of the corrections code and commentary / $c Joint Committee for the Revision of the Penal Code of the California Legislature
260  0    $a Los Angeles, Calif. : $b Project Office, $c [1973?]
300       $a 505 leaves ; $b 29 cm
500       $a UCDL: FIVE LOCS IN 920, 2ND AND 4TH ARE DUPLICATES.  USE 1ST INSTANCE ONLY AND OUTPUT 4 852 FIELDS (04/02).
500       $a 920 HAS CALL NUM IN $b ONLY - OUTPUT TO 852 $j FOR ALL 852'S.
650   0   $a Criminal procedure $z California
710  11   $a California. $b Legislature. $b Penal Code Revision Project
901       $a UCDLb1000068 $b multi $c -
902       $a 900603
907       $a Deleted: LGEN,LNUC
920       $b KFC 1155 A25 1973 (920$b) $l stx $l rare $l ref $l rare $l tax
950       $l STKS
950       $l DOCS
955       $l STKS $h 03/19/79 C
955       $l DOCS $i 04/11/79 C
998       $a 04/11/79 $t c $s 9114 $n CU-AL $w CUDL10051783B $d 05/06/81 $c JM $l CUDL
999       $b 2 $c 900603 $d m $e - $g 0

Record 6
