LDR  01260cam  2200325   45  
001  11315733-B
005  19891127000000.0
008  790711m19739999enk           00100 eng  
010       $a 74166926
020       $a 0421193506 (v. A1)
043       $a ew-----
050  0    $a LAW
245  00   $a Encyclopedia of European Community law; $c general editor K. R. Simmonds
260  0    $a London, $b Sweet & Maxwell; $a Edinburgh, $b Green $a [New York] $b Bender $c [1973-
300       $a v. (loose-leaf) $c 26 cm
350       $a ¹17.50 (v. A1)
500       $a UCDL: NO LOC. CODE IN 1ST 920, IGNORE ALL OTHER 920S; REJECT (07/06).
505  1    $a v. A. United Kingdom sources. 1. Community secondary legislation. -v. B. European Community treaties. 2 v
650   0   $a Law $z European Economic Community countries
700  10   $a Simmonds, K. R. $q (Kenneth R.)
730  01   $a Official journal of the European Communities: special edition
901       $a UCDLb1027736 $b stx   $c -
902       $a 930729
920       $a KJE916 $b .E52 1973
920       $a KJE916 $b .E52 1973 $l stx
934       $a UCDL:v. A1-B4, 1952-1992 and supplements.....
950       $l STKS
955       $l STKS $c 1 $q 8498e $r nc $h 07/11/79 C
998       $a 10/26/89 $t c $s 9610 $n CU-AL $w DCLC74166926B $d 05/11/81 $c LC $b RS $i 891026 $l CUDL
999       $b 1 $c 900603 $d m $e s $g 0

Record 7
