LDR  01188nas  2200361 a 45  
001  87-S99
005  19891127000000.0
008  870915c19389999iluwr p   ir  0uuua0eng d
010       $a 54013469//r80
022  0    $a 0162-1203
040       $a CU-CU $c CU-CU $d DLC $d NSDP $d DLC $d CUL $d CU-AL
042       $a lc $a nsdp
043       $a n-us---
050  0    $a KF49 $b .C6
210  0    $a Congr. index
222  00   $a Congressional index
245  00   $a Congressional index
260  00   $a Chicago : $b Commerce Clearing House, $c 1938-
300       $a v.(looseleaf) ; $c 26 cm
310       $a Biennial, with weekly updates
362  0    $a 75th Congress (1937/38)-
500       $a UCDL: CALL NO. IN 920 $a; OUTPUT IN 852 $j (04/02).
610  10   $a United States. $b Congress $x Registers
650   0   $a Bills, Legislative $z United States $x Indexes
710  20   $a Commerce Clearing House
901       $a UCDLb1659613 $b stx   $c -
902       $a 930920
920       $a KF49 .C64 (920$a) $l stx
950       $l STKS $i 09/15/87 C
950       $b UCDL:90th-103rd Congresses, 1967/68-19904/02--
955       $l STKS $c 1 $q 6575A $r nc $i 09/15/87 C
998       $a 09/15/87 $t c $s 9110 $n CU-AL $w DCLC5413469S $d 09/15/87 $c MCC $b PSL $i 870915 $l CUDL
999       $b 1 $c 900603 $d s $e s $g 0

Record 8
