LDR  00943nas  2200265 a 45  
001  90-S125
005  19901022000000.0
008  900817c19909999ilumr p       0  u 0eng d
040       $a CU-AL $c CU-AL
043       $a n-us
245  00   $a Employee benefits management directions
260  0    $a Chicago, Ill. : $b Commerce Clearing House, $c 1990-
300       $a v. ; $c 28 cm
362  0    $a Jan. 1990-
500       $a UCDL: CALL NO. IN 920 $a $a $b; OUTPUT IN SINGLE 852 $j (04/02).
650   0   $a Employee fringe benefits $z United States $x Periodicals
730  01   $a Employee benefits management
901       $a UCDLb1694182 $b stx   $c -
902       $a 930902
920       $a KF3509 (920 1ST $a) $a A6 (2ND $a) $b E462 (920$b) $l stx
950       $l STKS $d \*\ $e \Oversize\ $i 08/17/90 C
950       $b UCDL:Current year only.....
955       $l STKS $c 1 $q 1159495 $r nc $i 08/17/90 C
998       $a 08/17/90 $t c $s 9114 $n CU-AL $w CUDL90S125 $d 08/17/90 $c KL $b SDL $i 900817 $l CUDL
999       $b 1 $c 901213 $d s $e - $g 0

Record 9
