LDR  01134cam  2200277   45  
001  12133426-B
005  19910814142939.0
008  790918m19719999ilu           00000 eng  
010       $a 72178794
043       $a n-us---
050  0    $a KF3464.A6 $b E46
245  00   $a Employment practices decisions; $b a full-text reporter of decisions rendered by Federal and State courts throughout the United States on Federal and State employment practices problems
260  0    $a Chicago, $b Commerce Clearing House $c [1971-
300       $a v. $c 25 cm
500       $a UCDL: CALL NO. IN 920 $a $b; OUTPUT IN 852 $h $i (04/02).
650   0   $a Discrimination in employment $x Law and legislation $z United States
710  20   $a Commerce Clearing House
710  20   $a Commerce Clearing House. $t Labor law reports: Employment practices
901       $a UCDLb1058216 $b stx   $c -
902       $a 930519
920       $a KF3464.A6 (920$a) $b C64 (920$b) $l stx
934       $a UCDL:v.1-60, 1971-1993--
950       $l STKS $h 01/25/82 N
955       $l STKS $c 1 $q 979c $r nc $h 09/18/79 C
998       $a 08/14/91 $t c $s 9120 $l CUDL $n CU-AL $w CHPL83B269 $d 05/12/81 $c CK $b RS $i 910814 $h 820125
999       $b 1 $c 910814 $d m $e s $g 0

Record 10
