LDR  00945cam  2200277   45  
001  12901741-B
005  19891127000000.0
008  791114c19661967nyua     b    10000 eng  
010       $a 68001937
040       $c CU-AL
050  0    $a HF5686.P3 $b I5 1966
111  10   $a Institute on Oil and Gas Accounting $n (2d : $d 1966 : $c Dallas)
260  0    $a Albany, $b M. Bender, $c 1966 [c1967]
300       $a viii, 247 p. $b illus. $c 24 cm
500       $a UCDL: NO 245 FIELD - CREATE ERROR FIELD (04/02).
650   0   $a Petroleum industry and trade $x Accounting
700  10   $a Ernst, Armine Carol
710  20   $a Southwestern Legal Foundation
710  20   $a International Oil and Gas Educational Center (Southwestern Legal Foundation)
901       $a UCDLb1087605 $b stx   $c -
902       $a 900603
920       $b HF5686.P3 I5 1966 $l stx
950       $l STKS
955       $l STKS $i 11/14/79 C
998       $a 11/14/79 $t c $s 9614 $n CU-AL $w COSG86B16235 $d 05/11/81 $c CK $l CUDL
999       $b 1 $c 900603 $d m $e - $g 0

Record 11
