LDR  01342cas  2200361   45  
001  18126-S
005  19891127000000.0
008  810818c19409999iluuu         0uu1a0eng  
010       $a 41004519//r743
022  0    $a 0093-2108
040       $a MUL $c MUL $d NIC $d DLC $d NSDP $d DLC $d CU-AL
042       $a lc $a nsdp
043       $a n-us---
050  0    $a KF1091 $b .A513
110  20   $a Commerce Clearing House
222  10   $a Federal carriers cases $b (Chicago)
245  10   $a Federal carriers cases
260  00   $a Chicago [etc.] $b Commerce Clearing House
300       $a v. $c 26 cm
362  0    $a v. 1-   ; 1936/40-
500       $a UCDL PE: NO 950 FLD CONTAINS $B; OUTPUT DEFAULT HOLDINGS NOTE IN 852 $3 FOR ALL 852'S (04/02).
515       $a Vols. for 1936/40-1964/65 called v. 1-16
520       $a "A selective reporter of decisions rendered by the Interstate Commerce Commission and federal and state courts pertaining to federal motor carrier
650   0   $a Interstate commerce $x Cases
710  10   $a United States. $b Interstate Commerce Commission
710  10   $a United States. $b Courts
901       $a UCDLb1623904 $b stx   $c -
902       $a 921026
920       $a KF1091 $b .A513 $l stx $l ref
950       $l STKS $f nc $i 08/18/81 N
955       $l STKS $c 1 $q 6355E $i 08/18/81 C
998       $a 08/18/81 $t c $s 9190 $n CU-AL $w DCLC414519S $d 10/07/81 $c DK $b PM $i 810818 $l CUDL
999       $b 1 $c 900603 $d s $e s $g 0

Record 12
