LDR  01199cXm  2200337   45  
001  14919303-B
005  19891127000000.0
008  800401s1938    nyua          00010 eng  
010       $a 38023185
040       $c CU-AL $d CU-AL
043       $a n-us---
050  0    $a HD3636.U6 $b N68
100  10   $a Norwood, John Wall, $d 1876-
245  10   $a Trade practice and price law, federal, $c by John W. Norwood ..
260  0    $a New York, Chicago [etc.] $b Commerce clearing house, inc., Loose leaf service division of the Corporation trust company $c [c1938]
300       $a 1 p. l., 265 p. $b diagr. $c 24 cm
500       $a UCDL: UNKNOWN TYPE - CREATE ERROR FIELD (04/02).
610  10   $a United States. $b Federal Trade Commission
650   0   $a Competition, Unfair $z United States
650   0   $a Pricing
650   0   $a Restraint of trade $z United States
650   0   $a Interstate commerce
650   0   $a Antitrust law $z United States
710  10   $a United States
901       $a UCDLb1154898 $b stx   $c -
902       $a 900603
920       $a KF3195.A6 $b N67 $l stx
950       $l STKS $i 04/01/80 N
955       $l STKS $c 1 $q 4746a $i 04/01/80 C
998       $a 04/01/80 $t c $s 9124 $n CU-AL $w IAUL87B653 $d 05/20/81 $b KL $i 800401 $l CUDL
999       $b 1 $c 900603 $d m $e - $g 0

Record 13
