LDR  01357cam  2200337 a 45  
001  15862232-B
005  19891127000000.0
008  800516m19639999cau           00110 eng d
010       $a 63023679
040       $c CUL $d CU-AL
043       $a n-us-ca
110  10   $a California
196  3    $a + Supplement 1989.
245  10   $a Commercial code. $b Approved by Governor, June 8, 1963; effective Jan, 1, 1965.  With comments, cross references, form references, correlation tables and index
260  0    $a San Francisco, $b M. Bender, Western Division, $c 1963
300       $a xxx, 539 p. $c 25 cm
500       $a UCDL: 1 590 FIELD BEGINS "SHARED PURCHASE"; OUTPUT AS 852 $z IN ALL 852 FLDS; OUTPUT OTHER 590'S AS SEPARATE 852 $x'S IN ALL 852'S (04/02).
500       $a OUTPUT 910 FIELDS AS SEPARATE 852 $x'S IN ALL 852'S.
590       $a Shared purchase (590 FLD).
590       $a 2ND 590 FLD.
590       $a 3RD 590 FLD.
650   0   $a Commercial law $z California
901       $a UCDLb117938x $b res   $c -
902       $a 921013
910       $a LC does not trace title (910 FLD)
910       $a LC does trace series (910 FLD)
920       $a KFC225.A3356 $b B45 $l res $l ref $l stx
950       $l STKS $i 06/21/85 N  $1 0:sl  $2 0:110
955       $l STKS $c 1 $q 1124b $r nc $i 06/21/85 C
998       $a 06/21/85 $t c $s 9114 $n CU-AL $w NYUL12497614B $d 05/10/81 $c DY $b MCC $i 850621 $h 800519 $h 800516 $l CUDL
999       $b 1 $c 900603 $d m $e s $g 0

Record 14
