LDR  01456caX  2200361   45  
001  19850727-B
005  19891127000000.0
008  801117s1915    nyu      b    00010 eng  
010       $a 15002396
040       $c CU-AL $d CU-AL
043       $a e-uk---
100  10   $a Ewell, Marshall Davis, $d 1844-1928
245  10   $a Essentials of the law ..
250       $a 2d ed. $b By Marshall D. Ewell ..
260  0    $a Albany, N. Y., $b M. Bender & company, incorporated, $c 1915
300       $a 2 v. $c 24 cm
500       $a UCDL: UNKNOWN BIBLVL - CREATE ERROR FIELD (04/02).
505  0    $a v.1. A review of Blackstone's commentaries with explanatory notes for the use of students at law.--v.2. Elementary law ... with notes and references for the use of students at law
600  10   $a Blackstone, William, $c Sir, $d 1723-1780. $t Commentaries on the laws of England
610  20   $a Law Institute $z Great Britain $x History.
610  14   $a Great Britain $x Law $x Commentaries
650   0   $a Law $z Great Britain $x Outlines, syllabi, etc
650   1   $a Law Practice $x History $x Juvenile.
650   0   $a Law $x History.
650   2   $a Medicine and Law.
690   4   $a Law $x Commentaries.
901       $a UCDLb1257973 $b stx   $c -
902       $a 900604
920       $a KD661 $b .E93 1915 $l stx
950       $l STKS $n #28\v. 1.\ $f c $i 04/06/88 N  $1 0:sl $h 11/17/80 N
955       $l STKS $c 1 $q 3746c $h 11/17/80 C
998       $a 04/06/88 $t c $s 9124 $n CU-AL $w CUDL19850727B $d 05/12/81 $c DY $b RS $i 880406 $h 801117 $l CUDL
999       $b 1 $c 900603 $d m $e - $g 0

Record 15
