LDR  01412cam  2200313 i 45  
001  13877810-B
005  19891127000000.0
008  800131m19799999nyuk     b    00100 eng d
040       $a NNPaul $c NNPaul $d CLL $d CUL $d CU-AL
043       $a n-us---
100  10   $a Collier, William Miller, $d 1867-1956
245  10   $a Collier on bankruptcy
250       $a 15th ed. / $b Lawrence P. King, editor-in-chief
260  0    $a New York : $b M. Bender, $c 1979-
300       $a v. : $b forms ; $c 26 cm. & appendix (3 v.)
500       $a UCDL MONO: 1ST INCOMING 934 DOES NOT INCLUDE NRLF STATEMENT, 2ND 934 FIELD BEGINS "UCDL:NRLF:". OUTPUT 1ST AS 852 $3 IN 1ST 852 ONLY.  OUTPUT 2ND 934 TO 852 $g, AFTER STRIPPING "UCDL:NLRF:" AND CONCATENATING "AT NRLF: " TO BEGINNING, IN ALL 852'S (04/02).
650   0   $a Bankruptcy $z United States
700  11   $a King, Lawrence P., $d 1929-
710  10   $a United States
901       $a UCDLb112030x $b stx   $c -
902       $a 930622
920       $a KF1524 $b .C65 1979 $l stx $l ref $l faclb
934       $a UCDL: c.2: v.1-9, Appendix v.1-4, Index, 1979 (OUTPUT AS 852 $3).
934       $a UCDL:NRLF: c.3: v.1-7, Index, 1979 (NRLF, OUTPUT AS 852 $g).
950       $l STKS $f nc $i 07/01/85 N  $1 0:sl $h 02/28/80 C $h 01/31/80 C
955       $l STKS $c 1 $q 3715b $h 01/31/80 C
955       $l STKS $c 2 $q 13877810-B-1 $r nc $i 07/01/85 C
998       $a 07/01/85 $t b $s 9114 $n CU-AL $w DCLC79625372B $d 05/10/81 $c KL $b RJS $i 850701 $h 800131 $l CUDL
999       $b 1 $c 900603 $d m $e s $g 0

Record 17
