LDR  01480cam  2200337   45  
001  18357512-B
005  19901022000000.0
008  800911m19651990ilu           00 00 eng  
010       $a 66001411
040       $c CU-AL $d CU-AL
043       $a n-us---
050  0    $a KF6306 $b .C62
110  10   $a United States. $t Treaties, etc
245  10   $a Tax treaties; $b full text of U. S. treaties with foreign countries covering income and estate taxes, alphabetically arranged, including annotations and regulations, current reports of new developments, finding lists; fully indexed
260  0    $a Chicago, $b Commerce Clearing House, $c 1965-90
300       $a 3 v. $c 25 cm
490  1    $a Topical law reports
500       $a UCDL MONO: MULTIPLE INCOMING 934'S, NOT NRLF; STRIP BEGINNING "UCDL:"  AND EXTRA BLANKS FROM 1ST 934 AND OUTPUT AS 852 $3 IN 1ST 852 ONLY. DROP OTHER 934 FIELDS (04/02).
650   0   $a Taxation, Double $z United States $x Treaties
710  20   $a Commerce Clearing House
830   0   $a Topical law reports (Commerce Clearing House)
901       $a UCDLb1230578 $b tax   $c -
902       $a 930611
920       $a KF6306 $b .C62 $l tax $l stx $l ref
934       $a UCDL: c.1: v.1-3 (1990). (1ST 934)
934       $a UCDL: v.4-6 (1991). (2ND 934)
934       $a UCDL: v.7 (1992). (3RD 934)
950       $l TAX $h 12/13/89 N  $1 0:sl  $2 0:110
955       $l TAX $c 1 $q 1831e $r nc $h 12/13/89 C
998       $a 07/11/90 $t c $s 9114 $n CU-AL $w CUDL18357512B $d 05/21/81 $c CK $b MCC $i 900711 $h 891213 $h 800911 $l CUDL
999       $b 1 $c 901213 $d m $e s $g 0

Record 18
