LDR  01166nam  2200289   45  
001  81-B44
005  19891127000000.0
008  810917m19659999nyuk          00010 eng  
010       $a 57002943//r68
040       $c CUL $d CU-AL
043       $a n-us---
100  10   $a Frumer, Louis R
245  10   $a Personal injury: $b actions, defenses, damages. $c Editors: Louis R. Frumer, Roy L. Benoit, [and] Melvin I. Friedman, [etc.]
260  0    $a New York, $b M. Bender, $c 1965-
300       $a v. (loose-leaf) $c 26 cm
500       $a UCDL MONO: INCOMING 934 HAS TWO $A'S, THE 1ST CONTAINS ONLY "UCDL:", THE 2ND HAS DATA.  OUTPUT 2ND $A AS 852 $3.  OUTPUT 910 FLD AS 852 $x IN ALL 852'S (04/02).
650   0   $a Personal injuries $z United States
650   0   $a Personal injuries $z United States $x Forms
901       $a UCDLb140233x $b stx   $c -
902       $a 921125
910       $a LC does not trace title (910 FLD)
920       $a KF1256.A8 $b F78 $l stx $l res
934       $a UCDL: $a 18 v. + Supplements 1965-1971. (934 2ND $a)
950       $l STKS $i 09/17/81 N
955       $l STKS $c 1 $q 1315a $r nc $i 09/17/81 C
998       $a 09/17/81 $t c $s 9124 $n CU-AL $w NJRL24229555B $d 09/17/81 $c LH $b PP $i 810917 $l CUDL
999       $b 1 $c 900603 $d m $e s $g 0

Record 19
