LDR  01333cam  2200325 a 45  
001  83-B3880
005  19891127000000.0
008  831228m19809999nyuk     b    00110 eng  
010       $a 80068458
043       $a n-us---
050  0    $a KF6334 $b .F56
100  10   $a Fink, Robert S
245  10   $a Tax fraud--audits, investigations, prosecutions / $c by Robert S. Fink, with the assistance of Stuart E. Abrams, Elliot Silverman
260  0    $a New York, N.Y. (235 E. 45th St., New York 10017) : $b M. Bender, $c 1980-
300       $a 2 v. (loose-leaf) : $b forms ; $c 26 cm
490  0    $a A Business reports publication
500       $a UCDL MONO: 1ST INCOMING 934 HAS ONE $A CONTAINING ONLY "UCDL:"; 2ND 934 HAS 2 $A'S, 1ST CONTAINING "UCDL:", 2ND HAS DATA.  OUTPUT 852 $3 FROM 2ND $a OF 2ND 934 AFTER STRIPPING BLANKS (04/02).
650   0   $a Tax evasion $z United States
650   0   $a Tax auditing $z United States
700  10   $a Abrams, Stuart E
700  10   $a Silverman, Elliot
901       $a UCDLb1483390 $b stx   $c -
902       $a 930217
920       $a KF6334 $b .F56 $l stx
934       $a UCDL:
934       $a UCDL: $a c.2:v. 1-2, 1980 and supplements.... (2ND 934, 2ND $a).
950       $l STKS $i 04/20/84 C
955       $l STKS $c 1 $q 83-B3880-1 $r nc $i 04/20/84 C
998       $a 04/20/84 $t b $s 9110 $n CU-AL $w CUDL83B3880 $d 12/28/83 $c MCC $b RD $i 840420 $l CUDL
999       $b 1 $c 900603 $d m $e s $g 0

Record 20
