LDR  01204cam  2200313   45  
001  17604842-B
005  19891127000000.0
008  800808s1971    nyu      d    00010 eng  
010       $a 72179666
043       $a n-us---
050  0    $a KF1847 $b .5.W54 1971
100  10   $a Williams, Howard R
245  10   $a Oil and gas terms; $b annotated manual of legal engineering tax words and phrases, $c by Howard R. Williams and Charles J. Meyers
250       $a 3d ed
260  0    $a New York, $b M. Bender, $c 1971
300       $a 513 p. $c 23 cm
500       $a UCDL MONO: 2 INCOMING 934S, 1ST HAS $A CONTAINING "UCDL:NRLF:' ONLY, THE 2ND CONTAINS "UCDL:" ONLY, NO DATA.  DO NOT OUTPUT 852 $g OR $3 (04/02).
650   0   $a Petroleum law and legislation $z United States $x Terms and phrases
650   0   $a Natural Gas $x Law and legislation $z United States $x Terms and phrases
700  10   $a Meyers, Charles J
901       $a UCDLb1215899 $b stx   $c -
902       $a 930107
920       $a KF1847 $b .5.W55 1971 $l stx
934       $a UCDL:NRLF:
934       $a UCDL: 
950       $l STKS $f nc $i 08/08/80 N
955       $l STKS $c 1 $q 1464f $i 08/08/80 C
998       $a 08/08/80 $t c $s 9120 $n CU-AL $w DCLC72179666B $d 05/17/81 $c LC $b DI $i 800808 $l CUDL
999       $b 1 $c 900603 $d m $e - $g 0

Record 21
