LDR  02164cas  2200469   45  
001  0994-S
005  19891127000000.0
008  810609c17549999dcuuu p  w   f0uuua1eng  
010       $a 01026074
040       $c MUL $d NAIULS $d DGPO $d NIC $d CU-AL $d CStRLIN
043       $a n-us---
086  0    $a Ju 6.8:
110  10   $a United States. $b Supreme Court
222  00   $a United States reports. Cases adjudged in the Supreme Court
245  10   $a United States reports. $b Cases adjudged in the Supreme Court
246  19   $a United States Supreme Court reports
247  00   $a Reports of cases ruled and adjudged in the courts of Pennsylvania before and since the revolution $f v. 1
260  00   $a Washington, $b U.S. Govt. Print. Off.; For sale by the Supt. of Docs., U.S. Govt. Print. Off., $c 1798-19
300       $c 23 cm
362  0    $a v. [1]-   [Sept. 1754]-
500       $a UCDL PE: MULTIPLE 590'S; OUTPUT "SHARED PURCHASE" 590 IN 852 $z IN ALL 852'S; OUTPUT ALL OTHER 590'S AS SEPARATE 852 $x'S IN ALL 852'S . OUTPUT 910 FLDS AS 852 $x'S IN ALL 852'S. (04/02).
500       $a 1ST 950 $b INCLUDES "NRLF:" BUT 1ST LOC IS NOT "nrlf".  OUTPUT DEFAULT HOLDINGS STATEMENT IN 852 $3 FOR ALL 852'S OUTPUT.
590       $a Set is made up of various editions (590 FLD)
590       $a Copy 1 in microfilm (590 FLD)
590       $a Registers removed & filed in the Ca. code of regs. (590 FLD)
590       $a STANDING ORDER: MONO. SERIES; ITEMS CATALOGED SEPARATELY.(590 FLD)
590       $a Shared purchase (590 FLD).
650   0   $a Law reports, digests, etc. $z United States
700  10   $a Dallas, Alexander James, $d 1759-1817
710  10   $a United States. $b Courts
710  10   $a Pennsylvania. $b Courts
901       $a UCDLb1612372 $b multi $c -
902       $a 930805
910       $a LC does not trace title (910 FLD)
910       $a LC does trace series (910 FLD)
920       $a KF101 $b .U55 $l stx $l faclb $l ref $l (5)stx
950       $l STKS $f nc $h 06/09/81 N
950       $b UCDL: v.1-487, 1790-1987 (NRLF).
950       $b UCDL:c.1:  v.1-490, 1830-88--
955       $l STKS $c 9 $q 6883i $r nc $i 01/24/84 C
998       $a 01/24/84 $t b $s 9191 $n CU-AL $w PAUB85S1290 $d 10/07/81 $c DK $b MCC $i 840124 $h 810609 $l CUDL
999       $b 8 $c 900603 $d s $e s $g 0

Record 22
