LDR  01069cas  2200265   45  
001  21154-S
005  19891127000000.0
008  810821c19409999iluuu    w    0uuua0eng d
010       $a 41005017
040       $a MUL $c MUL $d CU-CU $d MUL $d CU-AL
043       $a n-us
245  00   $a Fire and casualty cases (other than automobile). $b The full text of all higher court decisions, state and federal, pertaining to fire and casualty insurance, other than automobile, with case table and index
260  01   $a Chicago, $b Commerce Clearing House, Loose Leaf Service Division of the Corporation Trust Company, $c 1940-
300       $a v
490  1    $a Insurance case series
500       $a UCDL: 901 $C IS "d"; CREATE DELETE RECORD (04/02).
555       $a V. 1-10 in v. 10
650   0   $a Insurance, Fire $z United States $x Cases
901       $a UCDLb1628872 $b stx   $c d
902       $a 921123
920       $a KF1196 $b .A515 $l stx
950       $l STKS $f nc $i 08/21/81 N
955       $l STKS $c 1 $q DA146205 $i 08/21/81 C
998       $a 08/21/81 $t c $s 9191 $n CU-AL $w OKUG83S77 $d 10/07/81 $c LI $b PM $i 810821 $l CUDL
999       $b 1 $c 900603 $d s $e s $g 0

Record 23
