LDR  01490cas  2200457   45  
001  130-S
002  002 FLD
003  003 FLD
004  004 FLD
005  19891127000000.0
008  800813c19129999caubr1p  g    0uuua0eng  
009  009 FLD
010       $a 19003441
022  0    $a 0008-1221
040       $a MUL $c MUL $d FGULS $d MUL $d NSDP $d CU-AL
042       $a nsdp
043       $a n-us-ca
222  00   $a California law review
245  00   $a California law review
260  11   $a Berkeley, Calif., $c 1913-
300       $a v. $b ports. $c 26 cm
362  0    $a v. 1-   Nov. 1912-
500       $a UCDL: DROP 001-005, 009, 590, 850, 852, 866-868, 886, 899, INPUT 9XX FLS; OUTPUT 005 FLD WILL BE CREATED FROM 902, DATA FROM OTHER DROPPED FIELDS MAY BE OUTPUT ELSEWHERE (04/02).
590       $a 590 FLD
650   0   $a Law $x Periodicals $z California
710  10   $a University of California, Berkeley. $b School of Law
850       $a 850 FLD
852       $a 852 FLD
866       $a 866 FLD
867       $a 867 FLD
868       $a 868 FLD
886       $a 886 FLD
899       $a 899 FLD
901       $a UCDLb1617503 $b multi $c -
902       $a 930909
920       $a K3 $b .A53 $l (3)stx $l faclb
950       $l STKS $f nc $i 01/11/83 N  $1 0:sl $h 10/14/82 N  $1 0:sl $h 08/13/80 C
950       $b UCDL:c.1: v.1 (1912)-v.79 Pt.1 (1991), v.80 (1992) and current issues.....
955       $l STKS $c 5 $q 1679c $r nc $i 01/11/83 C
998       $a 01/11/83 $t c $s 9191 $n CU-AL $w DCLC193441S $d 10/07/81 $c MB $b MCC $i 830111 $h 821014 $h 800813 $l CUDL
999       $b 4 $c 900603 $d s $e p $g 0

Record 24
