LDR  01567nas  2200373   45  
001  83-S233
005  19891127000000.0
008  830623c17909999nyuuu1        0uuua1eng d
022  0    $a 0161-8261
040       $a FMFIU $c FMFIU $d NSDP $d CU-AL
042       $a nsdp
043       $a n-us---
110  10   $a United States. $b Supreme Court
222  00   $a United States Supreme Court reports. Lawyers' edition
245  10   $a United States Supreme Court reports
246  13   $a Lawyers' edition
247  00   $a Cases argued and decided in the Supreme Court of the United States (varies slightly) $f 1790-Oct. term 1955
250       $a Lawyers' ed
260  01   $a Rochester N.Y., $b Lawyers Co-operative Pub. Co
300       $a v. $c 26 cm
362  0    $a Book 1-100, 1790-Oct. term 1955; 2d ser., v. 1- Oct. term 1956-
500       $a UCDL PE: "nrlf" IS THE FIRST LOCATION, AND "UCDL:NRLF:" IS IN THE FIRST 950 $B; USE THAT 950 $B FOR OUTPUT 852 $3 OF 1ST 852, AFTER STRIPPING "UCDL:NRLF:" AND ANY EXTRA BLANKS (04/02).
500       $a OUTPUT DEFAULT VALUE IN 852 $3 FOR ALL OTHER 852'S.
650   0   $a Law reports, digests, etc. $z United States
700  10   $a Rose, Walter Malins, $d 1872-1908
901       $a UCDLb1650002 $b multi $c -
902       $a 930914
920       $a KF101 $b .L38 $l nrlf $l stx $l res $l ref
950       $b UCDL:NRLF: v.1-107, 1956-1991.
950       $l FAC $e \STACKS\RESERVE\ $i 06/23/83 C
950       $b UCDL:c.5-6: v.1-104, 1956-1991.
955       $l FAC $c 7 $q 2067g $r nc $s STACKS $i 06/23/83 C
998       $a 06/23/83 $t c $s 9661 $n CU-AL $w MNUL86S2336 $d 06/23/83 $c LM $b MCC $i 830623 $l CUDL
999       $b 4 $c 900603 $d s $e s $g 0

Record 25
