LDR  01163cas  2200325   45  
001  81-S132
005  19891127000000.0
008  811202c19279999mnu u p  w    0ul1a0engd 
010       $a 41005629//r623
040       $c MUL $d NAIULS $d CStRLIN $d CU-AL
043       $a n-us---
110  10   $a United States
222  00   $a United States code annotated
245  10   $a United States code annotated
260  00   $a St. Paul, $b West Pub. Co.,c1927-
300       $a v
500       $a UCDL PE: "NRLF" IS IN 1ST 950 $B, BUT FIRST LOCATION IS NOT "nrlf"; PROVIDE DEFAULT HOLDINGS VALUE IN OUTPUT 852 $3 FOR ALL 852'S (04/02).
555       $a General index [1962] 5 v
650   0   $a Law $z United States
710  01   $a Edward Thompson Company
710  21   $a West Publishing Company
762  1    $t United States code annotated. Constitution of the United States annotated
901       $a UCDLb1643423 $b multi $c -
902       $a 930907
920       $a KF62 $b .U53 $l res $l nrlf
950       $b UCDL: 1945-1985 (NRLF).
950       $l STKS $h 12/02/81 N
955       $l STKS $c 1 $q 1326A $r nc $h 12/02/81 C
998       $a 12/17/81 $t c $s 9121 $n CU-AL $w NYBY87S1431 $d 12/02/81 $c CK $b PM $i 811217 $h 811202 $l CUDL
999       $b 2 $c 900603 $d s $e s $g 0

Record 26
