LDR  01030cas  2200325 ü 45  
001  2651-S
005  19891127000000.0
008  810226c19669999cauuu  üüüüüüüü üüa0engüd
040       $a CUAL $c CUAL
043       $a n-u-ca
110  20   $a Association of Municipal Court Clerks of California
245  10   $a California courts directory and fee schedule
260  11   $a Fresno, Ca
300       $a v
362  0    $a 1966?-
500       $a UCDL: NO CALL NUM IN 1ST 920, DO NOT OUTPUT ANY CALL NUM (04/02).
650   0   $a Courts $z California $x Directories
650   0   $a Costs (Law) $z California
901       $a UCDLb163513x $b multi $c -
902       $a 930415
920       $l rfres $l wrkrm
920       $a KF192.C3 $b A87 (2ND 920) $l ref
950       $l RES $f nc $i 02/26/81 N
950       $l WR
950       $b UCDL:1966-1972, 1979-1989, 1991--
955       $l RES $c 1 $q 2515A $i 02/26/81 C
955       $l RES $c 2 $q 2515A $i 02/26/81 C
955       $l WR $c 3 $q 2515A $i 02/26/81 C
998       $a 02/26/81 $t c $s 9194 $n CU-AL $w CUDL2651S $d 10/08/81 $c DK $b PSM $i 810226 $l CUDL
999       $b 3 $c 900603 $d s $e s $g 0

Record 27
