LDR  00961cas  2200265u  45  
001  82-S189
005  19901022000000.0
008  820809c1uuu9999cauar         0  ua0eng  
010       $a 72624832
040       $c CU-AL
050  0    $a KF190 $b .O7
245  04   $a The Oregon and Washington legal directory : $b (with Alaska section)
260  0    $a Los Angeles, $b Legal Directories Pub. Co
300       $a v. $b illus. $c 24 cm
500       $a UCDL: CALL NUM IS IN 920 $a $a; OUTPUT AS SINGLE 852 $j (04/02).
650   0   $a Lawyers $z Oregon $x Directories
650   0   $a Lawyers $z Washington (State) $x Directories
650   0   $a Lawyers $z Alaska $x Directories
901       $a UCDLb1646837 $b multi $c -
902       $a 930415
920       $a KF190 (1ST 920$a) $a .O7 (2ND 920 $a) $l stx $l rfres
950       $b UCDL:1978/79-1990/91--
955       $l STKS $c 1 $q 5068i $r nc $h 08/09/82 C
998       $a 07/31/90 $t c $s 9114 $n CU-AL $w CUDL82S189 $d 08/09/82 $c KLO $b MCC $i 900731 $h 821013 $h 820820 $h 820809 $l CUDL
999       $b 2 $c 901213 $d s $e s $g 4

Record 28
