LDR  00934cXX  2200253   45  
001  20719442-B
005  19891127000000.0
008  801230s1958    nyu           00000 eng  
010       $a 59000390
040       $c CU-AL $d CU-AL
043       $a n-us---
100  10   $a Rohrlich, Chester
250       $a 3d ed
260  0    $a Albany, $b M. Bender, $c 1958
300       $a 534 p. $c 24 cm
500       $a UCDL: DELETE REC (901 $c = "d") DOES NOT HAVE 245 OR 902, HAS UNKNOWN TYPE & BIBLVL, HAS UNKNOWN LOC - CREATE DELETE WITH PROGRAM FILEDATE IN OUTPUT 005; DO NOT CREATE 998 ERROR FIELDS (04/02).
650   0   $a New business enterprises $z United States
650   0   $a Incorporation $z United States
901       $a UCDLb1274867 $b stx   $c d
920       $a KF1355 $b .R64 1958 $l XXX
950       $l STKS $f nc $h 12/30/80 N
955       $l STKS $c 1 $q 1267a $h 12/30/80 C
998       $a 01/05/81 $t c $s 9124 $n CU-AL $w CSCL88B857 $d 05/08/81 $c MB $b DI $i 810105 $h 801230 $l CUDL
999       $b 1 $c 900603 $d m $e - $g 0

Record 29
