LDR  01363nas  2200373 a 45  
001  89-S46
005  19891127000000.0
008  890406c19889999oncfr p   go  0uuu 0eng d
010       $a 88659950
040       $a OML $c OML $d OCoLC $d DLC $d CStRLIN
042       $a lc
043       $a n-cn-on
050  0    $a K27 $b .E855
245  04   $a The Canadian journal of law and jurisprudence
246  10   $a CJLJ
246  18   $a C.J.L.J
260  00   $a [London, Ont., Canada : $b Faculty of Law, University of Western Ontario, $c 1988-
300       $a v. ; $c 25 cm
310       $a Semiannual
362  0    $a Vol. 1, no. 1 (Jan. 1988)-
500       $a UCDL: DELETE REC (902 $c = "d") HAS NO LOC CODE IN 1ST 920 - CREATE DELETE; DO NOT CREATE 998 ERROR FIELD (04/02).
500       $a Title from cover
650   0   $a Law $x Periodicals $z Ontario
710  20   $a University of Western Ontario. $b Faculty of Law
780  00   $a University of Western Ontario.  Faculty of Law. $t University of Western Ontario law review $w (DLC)   79644379 $w (OCoLC)3827726
901       $a UCDLb1663185 $b stx   $c d
902       $a 930709
920       $a K3 $b .A6385
920       $a K3 $b .A6385 $l stx
950       $l STKS $i 04/06/89 C
950       $b UCDL:v.1 (1988)-v.5 (1992) and current issues.....
955       $l STKS $c 1 $q  $r nc $i 04/06/89 C
998       $a 04/06/89 $t c $s 9110 $n CU-AL $w DCLC88659950S $d 04/06/89 $c MC $b RS $i 890406 $l CUDL
999       $b 1 $c 900603 $d s $e p $g 4

Record 30
