LDR  01174nas  2200325 a 45  
001  92-S28
005  19920116105504.0
008  920116c1991999 ohufr     b   0uuu 0eng d
040       $a PU-L $c PU-L
043       $a n-us---
130  0    $a Health matrix (1991)
245  00   $a Health matrix : $b the journal of law-medicine
246  10   $a Journal of law-medicine
260       $a Cleveland, Ohio : $b Case Western Reserve University School of Law, $c 1991-
300       $a v. ; $c 26 cm
310       $a Semiannual
500       $a UCDL: 902 (FORMAT YYMMDD) BEGINS "93" - ADD "19" TO BEGINNING, APPEND "000000.0" TO END AND OUTPUT TO 005 (04/02).
650   0   $a Medical jurisprudence $z United States $x Periodicals
650   0   $a Medical ethics $z United States $x Periodicals
710  20   $a Franklin Thomas Backus School of Law
780  10   $t Health matrix (1983)
901       $a UCDLb1840367 $b stx   $c -
902       $a 930319
907       $a .o1188021
920       $a K8 $b .E45 $l stx
950       $l STKS $i 01/16/92 C
950       $b UCDL:v.1 (1991) and current issues.....
955       $l STKS $c 1 $r nc $i 01/16/92 C
998       $a 01/16/92 $t c $s 9114 $l CUDL $n CU-AL $w PAUL91S897 $d 01/16/92 $c KL $b PSL $i 920116
999       $b 1 $c 920116 $d s $e p $g 0

Record 31
