LDR  00942cam  2200289 i 45  
001  14294583-B
005  19891127000000.0
008  800227s1976    ilu      b    00110 eng  
010       $a 75020892
020       $a 0226319997 :
050  0    $a HV8665 $b .H39 1976
100  10   $a Hawkins, G. J. $q (Gordon J.)
245  14   $a The prison : $b policy and practice / $c Gordon Hawkins
260  0    $a Chicago : $b University of Chicago, $c 1976
300       $a xi, 217 p. ; $c 22 cm
440   0   $a Studies in crime and justice
500       $a UCDL: UNKNOWN LOC CODE IN 920 $l - CREATE ERROR FIELD (04/020).
504       $a Bibliography: p. 187-203
650   0   $a Prisons
650   0   $a Imprisonment
901       $a UCDLb113565x $b stx   $c u
902       $a 950130
999       $b 1 $c 950130 $d m $e - $g 4
920       $a HV8665 $b .H39 $l XXX
950       $l STKS $i 02/27/80 N
955       $l STKS $c 1 $q 1911F $r c $i 02/27/80 C
998       $a 02/27/80 $t c $s 9120 $n CU-AL $w NYPG764346081B $d 05/18/81 $c LC $b PSL $i 800227 $l CUDL

Record 33
