LDR  01916nas  2200457 a 45  
001  93-S142
003  CStRLIN
005  19930908133104.0
008  930908d19681987gw  xz   r    0  |b0eng  
010       $a 72627058 //r893 $z sn 83012180
022       $a 0000-0221
040       $a DLC $c CtY $d MH $d RCS $d DLC $d OCoLC $d NST $d OCoLC $d DLC $d MH $d DNAL $d OCoLC $d MH $d N $d NSDP $d NST $d DLC $d OCoLC $d MH $d DNLM $d MiU $d MH $d NST $d InU $d DLC $d MH $d NST $d CStRLIN $d CU-AL
041  0    $a engger
042       $a lc $a nsdp
050  0    $a Z721 $b .I63
210  0    $a Int. Bibl.-Handb
222   0   $a Internationales Bibliotheks-Handbuch
245  00   $a Internationales Bibliotheks-Handbuch = $b World guide to libraries
246  11   $a World guide to libraries
260       $a Mèunchen-Pullach : $b Verlag Dokumentation, $c c1968-1987
300       $a 7 v. ; $c 30 cm
310       $a Irregular
362  0    $a 2. Ausg. (1968)-8. Ausg
490  1    $a 2nd ed.-   : Handbuch der technischen Dokumentation und Bibliographie ; $v Bd. 8
490  1    $a 5th ed.-8th ed. : Handbook of international documentation and information ; $v v. 8
500       $a UCDL: ID PORTION OF INCOMING 901 $a FOLLOWING "UCDLb" IS 7 CHARACTERS, INCLUDING FINAL CHECK DIGIT - DROP FINAL CHARACTER & OUTPUT 6 DIGIT RECORD ID IN 901 $b (04/02).
500       $a Order of titles varies
515       $a Issued in parts
546       $a English and German
650   0   $a Libraries $x Directories
780  00   $t Internationales Bibliotheksadressbuch $w (DLC)   67004109
785  00   $t World guide to libraries $x 0936-0085 $w (DLC)   91643589
830   0   $a Handbook of international documentation and information ; $v v. 8
901       $a UCDLb143813x $b stx   $c d
902       $a 011221
999       $b 1 $c 011221 $d s $e - $g 0
920       $a Z721 $b .I63 $l stx
907       $a .o1226058
950       $l STKS $d \*\ $e \Oversize\ $i 09/08/93 C
955       $l STKS $c 1 $r nc $i 09/08/93 C
998       $a 09/08/93 $t c $s 9110 $l CUDL $n CU-AL $w DCLC72627058S $d 09/08/93 $c MCC $b PSL $i 930908

Record 34
