LDR  01388cas  2200361   45  
001  0139-S
005  19891127000000.0
008  800801c19809999cauzn1p  i    0uuua0eng d
010       $a 79008040sn
022  0    $a 0196-1780
040       $a NSDP $d CU-AL
042       $a nsdp
222  00   $a Current law index
245  00   $a Current law index
260  00   $a Los Altos, Calif., $b Information Access Corp
265       $a Information Access Corp., 885 North San Antonio Rd., Los Altos, CA 94022
300       $a v. $c 28 cm
310       $a Monthly, with annual cumulation
362  0    $a v. 1-   ; 1980-
500       $a UCDL: 902 (FORMAT YYMMDD) BEGINS "01" - ADD "20" TO BEGINNING, APPEND "000000.0" TO END AND OUTPUT TO 005 (04/02).
650   0   $a Law $x Periodicals $x Indexes
710  20   $a Information Access Corporation
901       $a UCDLb1604582 $b ref   $c u
902       $a 011219
999       $b 1 $c 011202 $d s $e p $g 0
920       $a K33 $b .C875 $l ref
950       $l RES $e \STACKS\REF\FAC LIB\ $i 09/28/82 N  $1 0:sl  $2 0:all  $3 0:all $h 08/18/82 N  $1 0:sl  $2 0:all  $3 0:all
955       $l RES $c 1 $q 5071h, REFERENCE $r nc $h 09/04/80 C
955       $l RES $c 2 $q 5071h, RESERVE $r nc $h 08/18/82 C
955       $l RES $c 3 $q 5071, STACKS $r nc $h 08/18/82 C
955       $l RES $c 4 $q 5071h, FACULTY LIBRARY $r nc $h 08/18/82 C
998       $a 09/28/82 $t c $s 9661 $n CU-AL $w DCLC80645396S $d 10/07/81 $c KL $b MCC $i 820928 $h 820818 $h 800904 $h 800801 $l CUDL
950       $b UCDL:v.1 (1980)--

Record 35
