LDR  00903cas  2200277   45  
001  0217-S
005  19891127000000.0
008  800902c19549999enkmr p       0uuua0eng d
022       $a 0011-135X
040       $a MUL $c MUL $d CU-CU $d CStRLIN $d CU-AL
043       $a e-uk---
245  04   $a The Criminal law review
260  01   $a London : $b Sweet and Maxwell Ltd.,
300       $a v. ; $c 28 cm
362  0    $a Jan., 1954-
500       $a UCDL: INPUT 901 HAS $a BEGINNING UCDL, BUT NO RECORD ID NUMBER; REJECT (05/02).
650   0   $a Criminal law $z Great Britain $x Periodicals
650   0   $a Criminal procedure $z Great Britain $x Periodicals
901       $a UCDLb $b stx   $c u
902       $a 020109
999       $b 1 $c 011220 $d s $e p $g 4
920       $a K3 $b .R535 $l stx
950       $l STKS $i 09/02/80 C
955       $l STKS $c 1 $q 1145A $r nc $i 09/02/80 C
998       $a 09/02/80 $t c $s 9191 $n CU-AL $w DCLC867061S $d 10/07/81 $c CK $b PSL $i 800902 $l CUDL
950       $b UCDL:1954--

Record 36
