LDR  01068nas  2200325 a 45  
001  98-S117
003  CStRLIN
005  19981006113311.0
008  981006c19989999njufr    gbg  0  |a0eng d
040       $a WaU-L $c WaU-L $d CU-AL
043       $a n-us---
050   4   $a K22 $b .U86
245  00   $a Rutgers race & the law review
260       $a Newark, N.J. : $b Rutgers University School of Law--Newark, $c 1998-
300       $a v. ; $c 24 cm
310       $a Semiannual
362  0    $a Vol. 1, no. 1 (1998)-
500       $a UCDL: NO 920, NO LOC CODE - REJECT (07/06).
650   0   $a Race discrimination $x Law and legislation $z United States $x Periodicals
650   0   $a Discrimination $x Law and legislation $z United States $x Periodicals
710  2    $a Rutgers Law School (Newark, N.J.)
740  0    $a Rutgers race & law review
901       $a UCDLb203363x $b stx   $c u
902       $a 020403
999       $b 1 $c 020319 $d s $e p $g 0
907       $a .o1369544
950       $l STKS
955       $l STKS $c 1 $r nc $i 10/06/98 C
998       $a 10/06/98 $t c $s 9114 $l CUDL $n CU-AL $w WALO98S432 $d 10/06/98 $c KL  $b PSL
950       $b UCDL:v.1 (1998)--

Record 37
