LDR  01714cai  2200421 a 4500
001  96-S20
003  CStRLIN
005  19960314141828.0
008  960307c19939999vauuu         0 | a0eng d
040       $a C-L $c C-L $d MiU-L $d CSfU-L $d CU-AL
043       $a n-us---
245  00   $a State court caseload statistics
260       $a [Williamsburg, Va.] : $b National Center for State Courts, $c c1995-
300       $a v. : $b ill. ; $c 28 cm
362  0    $a 1993-
500       $a UCDL PE: INTEGRATING RESOURCE - TYPE = 'a', BIBLVL = 'i'; OUTPUT AS SERIAL, DO NOT OUTPUT ERROR (07/06).
530       $a Also available online 1998-
580       $a Kept up-to-date between editions by : Examining the work of state courts
580       $a Continues, with its companion title, the earlier publication : State court caseload statistics, annual report
650   0   $a Judicial statistics $z United States $x States $x Periodicals
710  2    $a National Center for State Courts
710  2    $a Court Statistics Project
710  2    $a State Justice Institute (U.S.)
710  1    $a United States. $b Bureau of Justice Statistics
710  2    $a Conference of State Court Administrators
780  11   $t State court caseload statistics, annual report $w (DLC)   79644737
787  1    $t Examining the work of state courts
856  41   $u http://www.ncsconline.org/D_Research/csp/CSP_Main_Page.html
901       $a UCDLb1939750 $b multi $c u
902       $a 060607
999       $b 2 $c 060607 $d s $e s $g 0
920       $a KF180 $b .S832 $l stx $l onl
907       $a .o1283443
950       $l STKS $h 03/07/96 C
955       $l STKS $c 1 $r nc $h 03/07/96 C
998       $a 03/14/96 $t c $s 9116 $l CUDL $n CU-AL $w CSULAPX6570S $d 03/07/96 $c KL  $b PSL $i 960314
950       $b UCDL:1993-1998, 2001-2002.
950       $b UCDL:1998-

